%% This BibTeX bibliography file was created using BibDesk.
%% https://bibdesk.sourceforge.io/

%% Created for David Alzate at 2023-12-18 18:30:44 -0500 


%% Saved with string encoding Unicode (UTF-8) 



@article{acemoglu2019democracy,
	author = {Acemoglu, Daron and Naidu, Suresh and Restrepo, Pascual and Robinson, James A},
	date-added = {2023-12-18 17:22:45 -0500},
	date-modified = {2023-12-18 17:23:49 -0500},
	journal = {Journal of Political Economy},
	month = {January},
	number = {1},
	title = {Democracy Does Cause Growth},
	volume = {127},
	year = {2019}}

@article{arndt2015what,
	author = {Arndt, Channing, and Jones, Sam, and Tarp, Finn},
	date-added = {2023-12-18 17:15:32 -0500},
	date-modified = {2023-12-18 18:30:40 -0500},
	journal = {The World Bank Economic Review},
	number = {3},
	pages = {446-474},
	title = {What Is the Aggregate Economic Rate of Return What Is the Aggregate Economic Rate of Return to Foreign Aid?},
	volume = {30},
	year = {2015}}

@book{sachs2005end,
	author = {Jeffrey Sachs},
	date-added = {2023-12-18 16:45:56 -0500},
	date-modified = {2023-12-18 16:46:20 -0500},
	publisher = {Penguin Press},
	title = {The End of Poverty: Economic Possibilities for Our Time},
	year = {2005}}

@article{edwards2014economic,
	author = {Sebastian Edwards},
	date-added = {2023-12-18 16:44:20 -0500},
	date-modified = {2023-12-18 16:44:55 -0500},
	journal = {NBER Working Paper},
	month = {November},
	number = {20685},
	title = {Economic Development and the Effectiveness of Foreign Aid: A Historical Perspective},
	year = {2014}}

@book{easterly2006white,
	author = {WIlliam Easterly},
	date-added = {2023-12-18 16:38:46 -0500},
	date-modified = {2023-12-18 16:39:31 -0500},
	publisher = {Penguin Books},
	title = {The White Man's Burden: Why the West's Efforts to Aid the Rest Have Done So Much Ill and So Little Good},
	year = {2006}}

@article{pritchett2015can,
	author = {Lant Pritchett},
	date-added = {2023-12-18 16:34:20 -0500},
	date-modified = {2023-12-18 16:51:08 -0500},
	journal = {CIRSD},
	month = {Winter},
	title = {Can Rich Countries be Reliable Partners for National Development?},
	volume = {2},
	year = {2015}}

@article{carnegie2017foreign,
	author = {Carnegie, Allison and Marinov, Nikolay},
	date-added = {2023-12-18 16:18:33 -0500},
	date-modified = {2023-12-18 16:19:40 -0500},
	journal = {American Journal of Political Science, Vol. 61, No. 3, July 2017,},
	month = {July},
	number = {3},
	pages = {671-683},
	title = {Foreign Aid, Human Rights, and Democracy Promotion: Evidence from a Natural Experiment},
	volume = {61},
	year = {2017}}

@book{ahmad2020six,
	author = {Ahmad, Yasmin and Bosch, Emily and Carey, Eleanor and Mc Donnell, Ida},
	date-added = {2023-12-18 16:00:51 -0500},
	date-modified = {2023-12-18 16:00:51 -0500},
	journal = {Development Cooperation Profiles},
	publisher = {OECD Publishing},
	title = {Six decades of ODA: insights and outlook in the COVID-19 crisis},
	year = {2020}}
